<?xml version="1.0" encoding="UTF-8"?><collection xmlns="http://www.loc.gov/MARC21/slim"><record><leader>00499nam--2200133-i-4500</leader><controlfield tag="001">000004756</controlfield><controlfield tag="002">20161230</controlfield><controlfield tag="005">20161230201026</controlfield><controlfield tag="008">060222s1000------------r-----000-0-eng-d</controlfield><datafield ind1=" " ind2=" " tag="080"><subfield code="a">-</subfield></datafield><datafield ind1=" " ind2=" " tag="100"><subfield code="a">Caverzasio, Cesar</subfield></datafield><datafield ind1=" " ind2=" " tag="245"><subfield code="a">Correction de la composante horizontale du cha mp terrestre dans un spectrographe beta a doub le focalisation et verification de la compensa tion obtenue a l aide d un magnetometre a noya u sature. these</subfield></datafield><datafield ind1=" " ind2=" " tag="260"><subfield code="a">Lyon, L Institut De Physique Nucleaire -</subfield></datafield><datafield ind1=" " ind2=" " tag="852"><subfield code="a">6426</subfield></datafield></record></collection>